@booklet{wetboek,
	title = {Wet van 28 september 1989, houdende nieuwe bepalingen inzake het kiesrecht en de verkiezingen.},
	note = {\emph{Zoals geldig op 20-03-2013}}
}

@incollection{jacobs2009electronic,
  title={Electronic Voting in the Netherlands: from early Adoption to early Abolishment},
  author={Jacobs, Bart and Pieters, Wolter},
  booktitle={Foundations of Security Analysis and Design V},
  pages={121--144},
  year={2009},
  publisher={Springer}
}

@misc{wijvertrouwenstemcomputersniet,
	author = {{Stichting "Wij vertrouwen stemcomputers niet"}},
	title = {Wij vertrouwen stemcomputers niet},
	year = {2008},
	url = {http://wijvertrouwenstemcomputersniet.nl/}
}

@misc{verkaik12,
	title={Potlood veiliger dan stemcomputer}
	author = {Verkaik, Tanja}
	year = {2012}
	url = {http://www.deweekkrant.nl/pages.php?page=2384023}
}

